% Encoding: UTF-8


@Misc{wikiRUGitHub,
 title = {Электронная библиотека [Электронный ресурс] GitHub — Википедия. Режим доступа: https://ru.wikipedia.org/wiki/GitHub, свободный. - Загл. с экрана. – Яз. рус., англ.},
 urldate = {2023-05-20}
}

@Misc{wikiRUpygame,
 title = {Электронная библиотека [Электронный ресурс] Pygame — Википедия. Режим доступа: https://ru.wikipedia.org/wiki/Pygame, свободный. - Загл. с экрана. – Яз. рус., англ.},
 urldate = {2023-05-20}
}

@Misc{docENmath,
 title = {Электронная библиотека [Электронный ресурс] math — Python documentation. Режим доступа: https://docs.python.org/3.8/library/math.html, свободный. – Яз. англ.},
 urldate = {2023-05-20}
}

@Misc{docENos,
 title = {Электронная библиотека [Электронный ресурс] os — Python documentation. Режим доступа: https://docs.python.org/3/library/os.html, свободный. – Яз. англ.},
 urldate = {2023-05-20}
}

@Misc{infoRUmercuri,
 title = {Сетевое издание [Электронный ресурс] Планета Меркурий - In Space. Режим доступа: https://in-space.ru/planeta-merkurij/ , свободный. – Яз. рус.}
 urldate = {2023-05-22}
}

@Misc{infoRUvenera,
 title = {Сетевое издание [Электронный ресурс] Планета Венера - In Space. Режим доступа: https://in-space.ru/planeta-venera/ , свободный. – Яз. рус.}
 urldate = {2023-05-23}
}

@Misc{infoRUearth,
 title = {Сетевое издание [Электронный ресурс] Планета Земля - In Space. Режим доступа: https://in-space.ru/planeta-zemlya/ , свободный. – Яз. рус.}
 urldate = {2023-05-23}
}

@Misc{infoRUmars,
 title = {Сетевое издание [Электронный ресурс] Планета Марс - In Space. Режим доступа: https://in-space.ru/planeta-mars/ , свободный. – Яз. рус.}
 urldate = {2023-05-23}
}

@Misc{infoRUjupiter,
 title = {Сетевое издание [Электронный ресурс] Планета Юпитер - In Space. Режим доступа: https://in-space.ru/planeta-yupiter/ , свободный. – Яз. рус.}
 urldate = {2023-05-23}
}

@Misc{infoRUsaturn,
 title = {Сетевое издание [Электронный ресурс] Планета Сатурн - In Space. Режим доступа: https://in-space.ru/planeta-saturn/ , свободный. – Яз. рус.}
 urldate = {2023-05-23}
}

@Misc{infoRUuran,
 title = {Сетевое издание [Электронный ресурс] Планета Уран - In Space. Режим доступа: https://in-space.ru/planeta-uran/ , свободный. – Яз. рус.}
 urldate = {2023-05-23}
}

@Misc{infoRUneptun,
 title = {Сетевое издание [Электронный ресурс] Планета Нептун - In Space. Режим доступа: https://in-space.ru/planeta-neptun/ , свободный. – Яз. рус.}
 urldate = {2023-05-23}
}

@Comment{jabref-meta: databaseType:biblatex;}
